@misc{nasa11,
    title = "Apollo 11",
    year = "2018",
    howpublished = "\url{https://nssdc.gsfc.nasa.gov/planetary/lunar/apollo11info.html}",
    note = "[Online; accessed 08-June-2018]",
  }

@article{times1957,
	title = "Soviet {Fires} {Earth} {Satellite} {Into} {Space}",
	author = "{William J. Jorden}",
	journal = {The New York Times},
	year = "5 October 1957",
}

@misc{radiosput,
	title = "ARRLWeb: {Sputnik} and and {Amateur} {Radio}",
    	year = "2007",
    howpublished = "\url{https://web.archive.org/web/20071011045828/http://www.arrl.org/news/features/2007/09/28/03/?nc=1l}",
    note = "[Online; accessed 08-June-2018]",
}


@misc{washmani,
	title = "Manifest {Destiny} in outer space",
	author = "{{The Washington Times}}",
	year = "1 July 2003",
}

@misc{economist,
	title = "Apollo plus 50",
	author = {{The Economist}},
	year = "21 May 2011",
    howpublished = "\url{http://www.economist.com/node/18712369}",
    note = "[Online; accessed 10-June-2018]",
}

@article{ley1958,
	title = "How {Secret} was {Sputnik} {No. 1}?",
	journal = {Galaxy},
	author = "Willy Ley",
	year = "1958",
	month = "October",
	pages   = {48 - 50},
}

@article{apLaika,
	title = "Russia opens monument to space dog {Laika}",
	journal = {Associated Press},
	author = "Vladimir Isachenkov",
	year = "11 April 2008",
}

@book{merk1963, 
	author = {Frederick Merk},
	title = {Manifest {Destiny} and {Mission} in {American} {History}},
	year = 1963,
	publisher = {Harvard University Press},
	isbn =  {978-0-674-54805-3},
}

@misc{bellmusk,
	title = "{Musk and {Bezos} on {Conquering} the {Final} {Frontier} of {Space}}",
	author = {{The Daily Bell}},
	year = "3 June 2016",
    howpublished = "\url{https://www.thedailybell.com/all-articles/news-analysis/musk-and-bezos-on-conquering-the-final-frontier-of-space/}",
    note = "[Online; accessed 09-June-2018]",
}

@article{missilegap,
	title = {Who {Ever} {Believed} in the '{Missile} {Gap}'?},
	author = "Christopher A. Preble",
	year = 2003,
	month = "December",
	journal = {Presidential Studies Quarterly},
}

@misc{geoyear,
    title = "{The} {International} {Geophysical} {Year}",
    year = "2017",
    howpublished = "\url{https://celebrating200years.noaa.gov/magazine/igy/welcome.html}",
    note = "[Online; accessed 09-June-2018]",
}

@book{neufeld,
	author = {Michael Neufeld},
	title = {Von Braun {Dreamer} of {Space}, {Engineer} of {War}},
	year = 2008,
	publisher = {Vintage Books},
	isbn = {9780307389374},
}

@book{bacon,
	author = {Edwin Bacon and Mark Sandle},
	title = {Brezhnev {Reconsidered}},
	year = 2003,
	publisher = {Palgrave Macmillan},
	isbn = {978-1-349-42024-7},
}

@book{hughes,
	author = {Geraint Hughes},
	title = {My {Enemy's} {Enemy}: {Proxy} {Warfare} in {International} {Politics}},
	year = 2014,
	publisher = {Sussex Academic Press},
	isbn = { 978-1845196271},
}

@misc{kenspeech,
	title = "J{F}{K}'s {Moon} {Shot} {Speech} to {Congress}",
	author = {{Space.com}},
	year = "25 May 2016",
    howpublished = "\url{https://www.space.com/11772-president-kennedy-historic-speech-moon-space.html}",
    note = "[Online; accessed 09-June-2018]",
}


@misc{albert,
	title = "The {Beginnings} of {Research} in {Space} {Biology} at the {Air} {Force} {Missile} {Development} {Center}",
	author = {{History of Research in Space Biology and Biodynamics}},

}

@misc{11code,
	title = "Original {Apollo} 11 {Guidance} {Computer} ({A}{G}{C}) source code for the command and lunar modules",
    	year = "2018",
    howpublished = "\url{https://github.com/chrislgarry/Apollo-11}",
    note = "[Online; accessed 09-June-2018]",
}

@misc{hamiltonNASA,
	title = "About {Margaret} {Hamilton}",
    	year = "2010",
    howpublished = "\url{http://klabs.org/home_page/hamilton.htm}",
    note = "[Online; accessed 09-June-2018]",
}

@misc{hamiltonFellow,
	title = "{Margaret} {Hamilton} | {Computer} {History} {Museum}",
    	year = "2017",
    howpublished = "\url{http://www.computerhistory.org/fellowawards/hall/margaret-hamilton/}",
    note = "[Online; accessed 10-June-2018]",
}

@misc{hamiltonMoon,
	title = "{Margaret} {Hamilton}, the {Engineer} {Who} {Took} the {Apollo} to the {Moon}",
    	year = "2014",
    howpublished = "\url{https://medium.com/@verne/margaret-hamilton-the-engineer-who-took-the-apollo-to-the-moon-7d550c73d3fa}",
    note = "[Online; accessed 10-June-2018]",
}

@misc{greatest,
		title = "{N}{A}{S}{A} {Apollo} 11 30th {Aniversary}",
    	year = "2002",
    howpublished = "\url{https://history.nasa.gov/ap11ann/introduction.htm}",
    note = "[Online; accessed 10-June-2018]",
}

@misc{createNASA,
		title = "Eisenhower {Memorial}",
    	year = "2013",
    howpublished = "\url{http://www.eisenhowermemorial.org/#/news?nid=244}",
    note = "[Online; accessed 09-June-2018]",
}

@misc{hamiltonHonour,
		title = "{N}{A}{S}{A} {Honour} {Apollo} {Engineer}",
    	year = "2003",
    howpublished = "\url{https://www.nasa.gov/home/hqnews/2003/sep/HQ_03281_Hamilton_Honor.html}",
    note = "[Online; accessed 10-June-2018]",
}

@misc{laika,
		title = "The first creature in space was a dog. {She} died miserably 60 years ago",
    	year = "2017",
    howpublished = "\url{https://arstechnica.com/science/2017/11/sixty-years-ago-the-first-creature-went-into-space-a-stray-moscow-dog/}",
    note = "[Online; accessed 10-June-2018]",
}

@misc{karman,
	title = "The 100 km {Boundary} for {Astronautics}",
    	year = "2004",
    howpublished = "\url{https://www.webcitation.org/618QHms8h?url=http://www.fai.org/astronautics/100km.asp}",
    note = "[Online; accessed 10-June-2018]",
}

@misc{taylor,
	title = "The {Space} {Race} and its {Impact} on {Technology} {Today}",
    	year = "2014",
    howpublished = "\url{https://history.libraries.wsu.edu/fall2014/2014/08/29/647/}",
    note = "[Online; accessed 10-June-2018]",
}

@misc{doges,
	title = "Laika the {Dog} \& the {First} {Animals} in {Space}",
    	year = "2017",
    howpublished = "\url{https://www.space.com/17764-laika-first-animals-in-space.html}",
    note = "[Online; accessed 10-June-2018]",
}

@misc{moveDoge,
	title = "Korolev's {Triple} {Play}: {Sputniks} 1, 2, and 3",
	author = "James J. Harford",
	publisher = "NASA",
	year = "1997",
    howpublished = "\url{https://history.nasa.gov/sputnik/harford.html}",
    note = "[Online; accessed 10-June-2018]",
}

@misc{sadForDoge,
	title = "Message from the {First} {Dog} in {Space} {Received} 45 {Years} {Too} {Late}",
	year = "2002",
    howpublished = "\url{https://web.archive.org/web/20060108184335/http://www.dogsinthenews.com/issues/0211/articles/021103a.htm}",
    note = "[Online; accessed 10-June-2018]",
}

@misc{zond,
	title = "{N}{A}{S}{A} - {N}{S}{S}{D}{C}{A} - {Spacecraft} {Details}",
	year = "2017",
    howpublished = "\url{https://nssdc.gsfc.nasa.gov/nmc/spacecraftDisplay.do?id=1968-076A}",
    note = "[Online; accessed 10-June-2018]",
}

@article{highground,
author = {Johnson, Stephen},
year = {2007},
month = {January},
pages = {},
title = {The {Political} {Economy} of {Spaceflight}},
pages = {142 - 143},
booktitle = {Societal {Impact} of {Spaceflight}},
}

@techreport{softwareCrisis,
  author = {Peter Naur and Brian Randell}, 
  title        = {Software {Engineering}},
  year         = 1969,
  number       = 2,
  month        = {January},
  note         = {Report on a conference sponsored by the {N}{A}{T}{O} {S}{C}{I}{E}{N}{C}{E} {C}{O}{M}{M}{I}{T}{T}{E}{E}, {Garmisch}, {Germany}, 7th to 11th {October} 1968},
}

@techreport{missionSummary,
  author       = {{Manned Spacecraft Center}}, 
  title        = {Apollo 11 {Mission} {Report}},
  institution  = {Mission Evaluation Team},
  year         = 1969,
  address      = {Houston, Texas: NASA},
  month        = "November",
}


@article{moonFigures,
  author  = {John M. Sarkissian}, 
  title   = {On {Eagle's} {Wings}: {The} {Parkes} {Observatory's} {Support} of the {Apollo} 11 {Mission}},
  journal = {Publications of the Astronomical Society of Australia},
  year    = 2001,
  number  = 2,
  pages   = {287-310},
  volume  = 18,
}

@article{handshake,
  author  = {Debbora Battaglia}, 
  title   = {Arresting {Hospitality}: the {Case} of the {Handshake} in {Space}},
  journal = {Journal of the Royal Anthropological Institute},
  year    = 2012,
  number  = 1,
  pages   = {76-89},
  volume  = 18,
}

@article{oppenheimerQuote,
  author  = {James A. Hijiya}, 
  title   = {The {Gita} of {Robert} {Oppenheimer}},
  journal = {Proceedings of the American Philosophical Society},
  year    =  2000,
  number  = 2,
  pages   = {123-167},
  volume  = 144,
}


@misc{grumman,
	title = "Discussion of the {Unique} and {Complementary} {Characteristics} of the {I}{C}{B}{M} and {S}{L}{B}{M} {Weapon} {Systems}",
	author = {{Center for Strategic and International Studies} and {Northrop Grumman}},   	
	year = "2009",
	pages = {5},
}

@conference{laikaTraining,
  author       = {Dimitri C. Malashenkov}, 
  title        = {Some {Unknown} {Pages} of the {Living} {Organism's} {First} {Orbital} {Flight}},
  year         = 2002,
	  month        = {October},
  organization = {53rd International Astronautical Congress},
}



