@misc{react,
	title = "React - {A} {JavaScript} library for building user interfaces",
    	year = "2018",
    	howpublished = "\url{https://reactjs.org/}",
    	note = "[Online; accessed 25-August-2018]",
}

@misc{ts,
	title = "TypeScript - {JavaScript} that scales.",
    	year = "2018",
    	howpublished = "\url{https://www.typescriptlang.org/}",
    	note = "[Online; accessed 25-August-2018]",
}

@misc{d3,
	title = "D3.js - {Data-Driven} {Documents}",
    	year = "2018",
    	howpublished = "\url{https://d3js.org/}",
    	note = "[Online; accessed 25-August-2018]",
}

@misc{devgoals,
	title = "{About the Sustainable Development Goals - United Nations Sustainable Development}",
    	howpublished = "\url{https://www.un.org/sustainabledevelopment/sustainable-development-goals/}",
    	note = "[Online; accessed 12-November-2018]",
}

@misc{dec,
	title = "{Economic Growth - United Nations Sustainable Development}",
    	howpublished = "\url{https://www.un.org/sustainabledevelopment/economic-growth/}",
    	note = "[Online; accessed 12-November-2018]",
}

@misc{cia,
	title = "{The World Factbook" -- Central Intelligence Agency}",
    	howpublished = "\url{https://www.cia.gov/library/publications/the-world-factbook/}",
    	note = "[Online; accessed 12-November-2018]",
}

@misc{dms,
	title = "{DataMaps}",
    	howpublished = "\url{http://datamaps.github.io/}",
    	note = "[Online; accessed 13-November-2018]",
}

@misc{firebase,
	title = "{Firebase}",
    	howpublished = "\url{https://firebase.google.com/}",
    	note = "[Online; accessed 13-November-2018]",
}

@misc{eval,
	title = "{Economies at a Glance Survey - Google Forms}",
    	howpublished = "\url{https://docs.google.com/forms/d/1PB21oPpUI_b4l4Fn16tU7bBw0buYitC2sf7WAEjc_2o/}",
    	note = "[Online; accessed 14-November-2018]",
}

@misc{forms,
	title = "{Google Forms - Create and analyze surveys, for free}",
    	howpublished = "\url{https://www.google.com/forms/about/}",
    	note = "[Online; accessed 14-November-2018]",
}

@misc{scenarios,
	title = "{Economies at a Glance - Scenarios}",
	author = "{Kenny, Aden and Pope, Simon}",
    	note = "[Submitted as part of the group submission]",
}


@misc{personas,
	title = "{Economies at a Glance - Personas}",
	author = "{Kenny, Aden and Pope, Simon}",
    	note = "[Submitted as part of the group submission]",
}


@misc{goals,
	title = "{Economies at a Glance - Goals}",
	author = "{Kenny, Aden and Pope, Simon}",
    	note = "[Submitted as part of the group submission]",
}
