@misc{react,
	title = "React - {A} {JavaScript} library for building user interfaces",
    	year = "2018",
    	howpublished = "\url{https://reactjs.org/}",
    	note = "[Online; accessed 25-August-2018]",
}

@misc{ts,
	title = "TypeScript - {JavaScript} that scales.",
    	year = "2018",
    	howpublished = "\url{https://www.typescriptlang.org/}",
    	note = "[Online; accessed 25-August-2018]",
}

@misc{d3,
	title = "D3.js - {Data-Driven} {Documents}",
    	year = "2018",
    	howpublished = "\url{https://d3js.org/}",
    	note = "[Online; accessed 25-August-2018]",
}

@misc{yarn,
	title = "Yarn",
    	year = "2018",
    	howpublished = "\url{https://yarnpkg.com/en/}",
    	note = "[Online; accessed 25-August-2018]",
}

@misc{meeks,
	title = "{Interactive Applications with React \& D3 - Elijah Meeks - Medium}",
    	year = "2017",
    	howpublished = "\url{https://medium.com/@Elijah_Meeks/interactive-applications-with-react-d3-f76f7b3ebc71}",
    	note = "[Online; accessed 26-August-2018]",
}

@misc{badcode,
	title = "{D3.js - Radar Chart or Spider Chart}",
    	year = "2018",
    	howpublished = "\url{http://bl.ocks.org/nbremer/6506614}",
    	note = "[Online; accessed 26-August-2018]",
}

@misc{vscode,
	title = "{Visual Studio Code - Code editing. Redefined.}",
    	year = "2018",
    	howpublished = "\url{https://code.visualstudio.com/}",
    	note = "[Online; accessed 26-August-2018]",
}

@misc{irene,
	title = "{Irene by SWAG}",
    	year = "2018",
    	howpublished = "\url{https://adenkenny.github.io/Irene/}",
    	note = "[Online; accessed 26-August-2018]",
}

@misc{alexa,
	title = "{Amazon Alexa}",
    	year = "2018",
    	howpublished = "\url{https://developer.amazon.com/alexa}",
    	note = "[Online; accessed 26-August-2018]",
}


@misc{siri,
	title = "{IOS - Siri - Apple}",
    	year = "2018",
    	howpublished = "\url{https://www.apple.com/nz/ios/siri/}",
    	note = "[Online; accessed 26-August-2018]",
}

@misc{color,
	title = "{How To Use Color To Enhance Your Designs - Vanseo Design}",
    	year = "2010",
    	howpublished = "\url{http://vanseodesign.com/web-design/color-meaning/}",
    	note = "[Online; accessed 26-August-2018]",
}

@misc{whitespace,
	title = "{Whitespace: Less Is More In Web Design - Vanseo Design}",
    	year = "2009",
    	howpublished = "\url{https://vanseodesign.com/web-design/whitespace/}",
    	note = "[Online; accessed 26-August-2018]",
}
