@misc{firebaseAuth,
    title = "{Firebase Authentication | Firebase}",
    year = "2018",
    howpublished = "\url{https://firebase.google.com/docs/auth/}",
    note = "[Online; accessed 31-August-2018]",
  }

@misc{firebaseDb,
    title = "{Firebase Realtime Database | Firebase Realtime Database | Firebase}",
    year = "2018",
    howpublished = "\url{https://firebase.google.com/docs/database/}",
    note = "[Online; accessed 31-August-2018]",
  }



@misc{cssCenter,
    title = "{How to Center in CSS}",
    year = "2018",
    howpublished = "\url{http://howtocenterincss.com/}",
    note = "[Online; accessed 31-August-2018]",
  }



@misc{toastStyle,
    title = "{Styling ionic toast - Stack Overflow}",
    year = "2018",
    howpublished = "\url{https://stackoverflow.com/a/40448853}",
    note = "[Online; accessed 31-August-2018]",
  }



@misc{color,
    title = "{How To Use Color To Enhance Your Designs | Vanseo Design}",
    year = "2018",
    howpublished = "\url{http://vanseodesign.com/web-design/color-meaning/}",
    note = "[Online; accessed 31-August-2018]",
  }



@misc{commonRegion,
    title = "{Law of Common Region | Laws of UX}",
    year = "2018",
    howpublished = "\url{https://lawsofux.com/law-of-common-region.html}",
    note = "[Online; accessed 31-August-2018]",
  }

@misc{hicks,
    title = "{Hickâ€™s Law | Laws of UX}",
    year = "2018",
    howpublished = "\url{https://lawsofux.com/hicks-law.html}",
    note = "[Online; accessed 31-August-2018]",
  }






