@misc{firebaseAuth,
    title = "{Firebase Authentication | Firebase}",
    year = "2018",
    howpublished = "\url{https://firebase.google.com/docs/auth/}",
    note = "[Online; accessed 31-August-2018]",
  }

@misc{firebaseDb,
    title = "{Firebase Realtime Database | Firebase Realtime Database | Firebase}",
    year = "2018",
    howpublished = "\url{https://firebase.google.com/docs/database/}",
    note = "[Online; accessed 31-August-2018]",
  }



@misc{cssCenter,
    title = "{How to Center in CSS}",
    year = "2018",
    howpublished = "\url{http://howtocenterincss.com/}",
    note = "[Online; accessed 31-August-2018]",
  }



@misc{toastStyle,
    title = "{Styling ionic toast - Stack Overflow}",
    year = "2018",
    howpublished = "\url{https://stackoverflow.com/a/40448853}",
    note = "[Online; accessed 31-August-2018]",
  }



@misc{color,
    title = "{How To Use Color To Enhance Your Designs | Vanseo Design}",
    year = "2018",
    howpublished = "\url{http://vanseodesign.com/web-design/color-meaning/}",
    note = "[Online; accessed 31-August-2018]",
  }



@misc{commonRegion,
    title = "{Law of Common Region | Laws of UX}",
    year = "2018",
    howpublished = "\url{https://lawsofux.com/law-of-common-region.html}",
    note = "[Online; accessed 31-August-2018]",
  }

@misc{hicks,
    title = "{Hickâ€™s Law | Laws of UX}",
    year = "2018",
    howpublished = "\url{https://lawsofux.com/hicks-law.html}",
    note = "[Online; accessed 31-August-2018]",
  }

@misc{advantages,
    title = "{Introducing JSX - React}",
    year = "2018",
    howpublished = "\url{https://reactjs.org/docs/introducing-jsx.html}",
    note = "[Online; accessed 6-October-2018]",
  }

@book{sep,
 author = {Laplante, Phillip A.},
 title = "{What Every Engineer Should Know About Software Engineering (What Every Engineer Should Know)}",
 year = {2007},
 isbn = {0849372283},
 publisher = {CRC Press, Inc.},
 address = {Boca Raton, FL, USA},
} 


@misc{bullet,
    title = "{React Native 'Unordered'-style List - Stack Overflow}",
    year = "2016",
    howpublished = "\url{https://stackoverflow.com/questions/39110460/react-native-unordered-style-list}",
    note = "[Online; accessed 7-October-2018]",
  }

@misc{hierarchy,
    title = "{What is Visual Hierarchy? | Interaction Design Foundation}",
    howpublished = "\url{https://www.interaction-design.org/literature/topics/visual-hierarchy}",
    note = "[Online; accessed 7-October-2018]",
  }

@misc{jakobs,
    title = "{Jakob's Law | Laws of UX}",
    year = "2018",
    howpublished = "\url{https://lawsofux.com/jakobs-law.html}",
    note = "[Online; accessed 7-October-2018]",
  }


