@article{pavlo,
  title="{What's Really New with NewSQL?}",
  author={Pavlo, Andrew and Aslett, Matthew},
  journal={ACM Sigmod Record},
  volume={45},
  number={2},
  pages={45--55},
  year={2016},
  publisher={ACM}
}

@misc{aslett,
    title = "{What we talk about when we talk about NewSQL}",
    year = "2011",
    howpublished = "\url{https://blogs.the451group.com/information_management/2011/04/06/what-we-talk-about-when-we-talk-about-newsql/}",
    note = "[Online; accessed 14-October-2018]",
  }

@misc{nosql,
    title = "{The State of NoSQL Databases in 2018: Is NoSQL Usage No Longer Cool?}",
    year = "2018",
    howpublished = "\url{https://www.itprotoday.com/cloud-data-center/state-nosql-databases-2018-nosql-usage-no-longer-cool}",
    note = "[Online; accessed 15-October-2018]",
  }
  
  @misc{forecast,
    title = "{451 Research delivers market sizing estimates for NoSQL, NewSQL and MySQL ecosystem}",
    year = "2012",
    howpublished = "\url{https://blogs.the451group.com/information_management/2012/05/22/mysql-nosql-newsql/}",
    note = "[Online; accessed 16-October-2018]",
  }

  @misc{stock,
    title = "{U.S. Stocks Database}",
    year = "2017",
    howpublished = "\url{https://www.globalfinancialdata.com/GFD/Article/us-stocks-database}",
    note = "[Online; accessed 16-October-2018]",
  }
  @misc{adv,
    title = "{History of the American and NASDAQ Stock Exchanges}",
    year = "2015",
    howpublished = "\url{https://www.loc.gov/rr/business/amex/amex.html}",
    note = "[Online; accessed 16-October-2018]",
  }

  @misc{sta,
    title = "{Is there a large bank using Mysql or PostgreSQL?}",
    year = "2011",
    howpublished = "\url{https://softwareengineering.stackexchange.com/questions/83363/is-there-a-large-bank-using-mysql-or-postgresql}",
    note = "[Online; accessed 16-October-2018]",
  }
